<?xml version="1.0" encoding="UTF-8"?><collection xmlns="http://www.loc.gov/MARC21/slim"><record><leader>00596nam--2200193-i-4500</leader><controlfield tag="001">000024753</controlfield><controlfield tag="002">20161230</controlfield><controlfield tag="005">20161230201035</controlfield><controlfield tag="008">060222s1000------------r-----000-0-eng-d</controlfield><datafield ind1=" " ind2=" " tag="040"><subfield code="a">IFIN-HH</subfield></datafield><datafield ind1=" " ind2=" " tag="080"><subfield code="a">539.12.162.8(061.3)</subfield></datafield><datafield ind1="1" ind2=" " tag="100"><subfield code="a">Bereny, D</subfield></datafield><datafield ind1="1" ind2="0" tag="245"><subfield code="a">Lecture notes in physics. vol. 294. high-energy ion-atom collisions. proceedings, debrecen, hungary 1987</subfield><subfield code="c">D. bereny, g. hock (eds.)</subfield></datafield><datafield ind1=" " ind2=" " tag="260"><subfield code="a">Berlin</subfield><subfield code="b">Springer-verlag</subfield><subfield code="c">1988</subfield></datafield><datafield ind1=" " ind2=" " tag="300"><subfield code="a">VIII + 540 P</subfield></datafield><datafield ind1=" " ind2=" " tag="490"><subfield code="a">Lecture Notes In Physics, 294</subfield></datafield><datafield ind1="1" ind2=" " tag="700"><subfield code="a">Hock, G</subfield><subfield code="e">Ed</subfield></datafield><datafield ind1=" " ind2=" " tag="852"><subfield code="a">33191</subfield><subfield code="c">53</subfield></datafield><datafield ind1=" " ind2=" " tag="CAT"><subfield code="a">Sys</subfield><subfield code="c">20150309</subfield><subfield code="h">111526</subfield></datafield></record></collection>